@misc{flutter_gihtub,
    author = "Google",
    title = "Flutter Github",
    url = "https://github.com/flutter/flutter",
    note = {Відвіданий: 2021-02-06},
}

@misc{rn_gihtub,
    author = "Facebook",
    title = "React Native Github",
    url = "https://github.com/facebook/react-native",
    note = {Відвіданий: 2021-02-06},
}

@misc{stackoverflow_survey_2020,
    author = "Stackoverflow",
    url = "https://insights.stackoverflow.com/survey/2020",
    title = "Other Frameworks, Libraries, and Tools",
    note = {Відвіданий: 2021-02-07},
}
