@ONLINE{google_trends,
    title = "Google Trends",
    url = "https://trends.google.com/trends/explore?q=kotlin,react\%20native,flutter",
    year = {2021},
    organization = {Google LLC},
    urldate = {2021-02-08},
    language = {ukrainian},
    media = {eresource},
}

@ONLINE{flutter_gihtub,
    title = "Flutter Github",
    url = "https://github.com/flutter/flutter",
    year = {2021},
    organization = {Google LLC},
    urldate = {2021-02-06},
    language = {ukrainian},
    media = {eresource},
}

@ONLINE{rn_gihtub,
    title = "React Native Github",
    url = "https://github.com/facebook/react-native",
    year = {2021},
    organization = {Facebook, Inc.},
    urldate = {2021-02-06},
    language = {ukrainian},
    media = {eresource},
}

@ONLINE{stackoverflow_survey_2020,
    url = "https://insights.stackoverflow.com/survey/2020",
    title = "Other Frameworks, Libraries, and Tools",
    organization = {Stack Exchange, Inc.},
    year = {2020},
    urldate = {2021-02-07},
    language = {ukrainian},
    media = {eresource},
}

@ONLINE{flutter_jobs,
    url = "https://www.itjobswatch.co.uk/jobs/uk/flutter.do",
    title = "Вакансії Flutter на ринку праці Британії",
    organization = {IT Jobs Watch Ltd.},
    year = {2021},
    urldate = {2021-02-08},
    language = {ukrainian},
    media = {eresource},
}

@ONLINE{react_native_jobs,
    url = "https://www.itjobswatch.co.uk/jobs/uk/react\%20native.do",
    title = "Вакансії React Native на ринку праці Британії",
    organization = {IT Jobs Watch Ltd.},
    year = {2021},
    urldate = {2021-02-08},
    language = {ukrainian},
    media = {eresource},
}

@ONLINE{kotlin_jobs,
    url = "https://www.itjobswatch.co.uk/jobs/uk/kotlin.do",
    title = "Вакансії Kotlin на ринку праці Британії",
    organization = {IT Jobs Watch Ltd.},
    year = {2021},
    urldate = {2021-02-08},
    language = {ukrainian},
    media = {eresource},
}

@ONLINE{worldwide_sf_work_hours,
    url = "https://www.statista.com/statistics/869224/worldwide-software-developer-working-hours",
    title = "Міжплатформні мобільні фреймворки, що використовуються розробниками програмного забезпечення у всьому світі в 2019 та 2020 роках",
    year = {2021},
    organization = {Statista},
    urldate = {2021-02-08},
    language = {ukrainian},
    media = {eresource},
}

@ONLINE{expo_doc,
    url = "https://docs.expo.io/",
    title = "Документація Expo",
    year = {2021},
    organization = {Expo},
    urldate = {2021-02-23},
    language = {ukrainian},
    media = {eresource},
}

@ONLINE{promise_doc,
    url = "https://developer.mozilla.org/en-US/docs/Web/JavaScript/Reference/Global_Objects/Promise",
    title = "MSDN Promise",
    year = {2021},
    organization = {Mozilla Corporation},
    urldate = {2021-04-01},
    language = {ukrainian},
    media = {eresource},
}

@ONLINE{redux_home_page,
    author = "Dan Abramov",
    url = "https://redux.js.org/",
    title = "Redux",
    year = {2015},
    organization = {Dan Abramov and the Redux documentation authors},
    urldate = {2021-04-02},
    language = {ukrainian},
    media = {eresource},
}

@ONLINE{jest_home_page,
    url = "https://jestjs.io/",
    title = "Jest",
    year = {2021},
    organization = {Facebook, Inc.},
    urldate = {2021-04-03},
    language = {ukrainian},
    media = {eresource},
}

@ONLINE{detox_home_page,
    url = "https://github.com/wix/detox/",
    title = "Detox",
    year = {2021},
    organization = {Wix.com},
    urldate = {2021-04-03},
    language = {ukrainian},
    media = {eresource},
}

@ONLINE{appium_home_page,
    url = "http://appium.io/",
    title = "Appium",
    year = {2021},
    organization = {The JS Foundation},
    urldate = {2021-04-03},
    language = {ukrainian},
    media = {eresource},
}

@ONLINE{flutter_widgets_intro,
    url = "https://flutter.dev/docs/development/ui/widgets-intro",
    title = "Вступ до теорії віджетів",
    year = {2021},
    urldate = {2021-04-05},
    language = {ukrainian},
    media = {eresource},
}

@ONLINE{flutter_cli,
    url = "https://flutter.dev/docs/reference/flutter-cli",
    title = "Flutter CLI",
    year = {2021},
    organization = {Google LLC},
    urldate = {2021-04-05},
    language = {ukrainian},
    media = {eresource},
}

@ONLINE{jetpack_compose,
    url = "https://developer.android.com/jetpack/compose",
    title = "Jetpack Compose",
    year = {2021},
    organization = {Google LLC},
    urldate = {2021-04-10},
    language = {ukrainian},
    media = {eresource},
}

@ONLINE{swift_ui,
    url = "https://developer.apple.com/xcode/swiftui/",
    title = "Swift UI",
    year = {2021},
    organization = {Apple Inc.},
    urldate = {2021-04-10},
    language = {ukrainian},
    media = {eresource},
}

@ONLINE{ktor_home_page,
    url = "https://ktor.io/",
    title = "Ktor Home Page",
    year = {2021},
    organization = {JetBrains},
    urldate = {2021-04-11},
    language = {ukrainian},
    media = {eresource},
}

@ONLINE{sqldelight_home,
    url = "https://cashapp.github.io/sqldelight/",
    title = "SQLDelight Overview",
    year = {2021},
    organization = {Cash App},
    urldate = {2021-04-11},
    language = {ukrainian},
    media = {eresource},
}

@ONLINE{gradle_user_manual,
    url = "https://docs.gradle.org/current/userguide/userguide.html",
    title = "Gradle User Manual",
    year = {2021},
    organization = {Gradle},
    urldate = {2021-04-15},
    language = {ukrainian},
    media = {eresource},
}

@ONLINE{kmm_plugin_releases,
    url = "https://kotlinlang.org/docs/mobile/kmm-plugin-releases.html#release-details",
    title = "KMM plugin releases",
    year = {2021},
    organization = {JetBrains},
    urldate = {2021-05-17},
    language = {ukrainian},
    media = {eresource},
}

@ONLINE{inVerita,
    url = "https://medium.com/swlh/flutter-vs-react-native-vs-native-deep-performance-comparison-990b90c11433",
    title = "Flutter vs React Native vs Native: Deep Performance Comparison",
    year = {2020},
    organization = {inVerita},
    urldate = {2021-05-30},
    language = {ukrainian},
    media = {eresource},
}
