@online{gimp:1,
    author = "gimp.org",
    title = "Digital image representation",
    url = "http://pippin.gimp.org/image_processing/chap_dir.html",
    addendum = "(дата звернення: 03.11.2020)",
    keywords = "image processing"
}

@online{wiki_sampling:2,
    author = "wikipedia.org",
    title = "Nyquist–Shannon sampling theorem",
    url = "https://en.wikipedia.org/wiki/Nyquist%E2%80%93Shannon_sampling_theorem",
    addendum = "(дата звернення: 07.11.2020)",
    keywords = "sampling"
}

@online{svi_sampling:3,
    author = "svi.nl",
    title = "Sampling and sampling density",
    url = "https://svi.nl/SamplingRate",
    addendum = "(дата звернення: 07.11.2020)",
    keywords = "sampling"
}

@book{img_operators:4,
    author = "Jason M. Kinser",
    title = {Image Operators. Image Processing in Python},
    year = {2019},
    isbn = {978-1-4987-9618-7},
    publisher = {CRC Press},
    keywords = "python, image processing"
}
