@online{intro_ml:1,
    author = "Dan Becker",
    title = "Intro to machine learning",
    url = "https://www.kaggle.com/learn/intro-to-machine-learning",
    addendum = "(дата звернення: 12.11.2020)",
    keywords = "machine learning"
}
