@online{gimp:1,
    author = "gimp.org",
    title = "Digital image representation",
    url  = "http://pippin.gimp.org/image_processing/chap_dir.html",
    addendum = "(дата звернення: 03.11.2020)",
    keywords = "image processing"
}

@online{wiki_sampling:2,
    author = "wikipedia.org",
    title = "Nyquist–Shannon sampling theorem",
    url  = "https://en.wikipedia.org/wiki/Nyquist%E2%80%93Shannon_sampling_theorem",
    addendum = "(дата звернення: 07.11.2020)",
    keywords = "sampling"
}

@online{svi_sampling:3,
    author = "svi.nl",
    title = "Sampling and sampling density",
    url  = "https://svi.nl/SamplingRate#:~:text=Definition,of%20discrete%20time%20or%20space).",
    addendum = "(дата звернення: 07.11.2020)",
    keywords = "sampling"
}
